@inproceedings{Welsh:2001:SAW:502034.502057,
 author = {Welsh, Matt and Culler, David and Brewer, Eric},
 title = {SEDA: An Architecture for Well-conditioned, Scalable Internet Services},
 booktitle = {Proceedings of the Eighteenth ACM Symposium on Operating Systems Principles},
 series = {SOSP '01},
 year = {2001},
 isbn = {1-58113-389-8},
 location = {Banff, Alberta, Canada},
 pages = {230--243},
 numpages = {14},
 url = {http://doi.acm.org/10.1145/502034.502057},
 doi = {10.1145/502034.502057},
 acmid = {502057},
 publisher = {ACM},
 address = {New York, NY, USA},
} 

@inproceedings {Rumble:FAST14,
	author = {Stephen M. Rumble and Ankita Kejriwal and John Ousterhout},
	title = {Log-structured Memory for {DRAM-based} Storage},
	booktitle = {12th USENIX Conference on File and Storage Technologies (FAST 14)},
	year = {2014},
	isbn = {ISBN 978-1-931971-08-9},
	address = {Santa Clara, CA},
	pages = {1--16},
	url = {https://www.usenix.org/conference/fast14/technical-sessions/presentation/rumble},
	publisher = {USENIX Association},
	month = feb,
}

@article{Rudoff:2017:PMP,
	title={Persistent memory programming},
	author={Rudoff, Andy},
	journal={Login: The Usenix Magazine},
	volume={42},
	number={2},
	pages={34--40},
	year={2017},
	url={https://www.usenix.org/publications/login/summer2017/rudoff}
}

@inproceedings {HU:ATC17,
	author = {Qingda Hu and Jinglei Ren and Anirudh Badam and Jiwu Shu and Thomas Moscibroda},
	title = {{Log-Structured} {Non-Volatile} Main Memory},
	booktitle = {2017 USENIX Annual Technical Conference (USENIX ATC 17)},
	year = {2017},
	isbn = {978-1-931971-38-6},
	address = {Santa Clara, CA},
	pages = {703--717},
	url = {https://www.usenix.org/conference/atc17/technical-sessions/presentation/hu},
	publisher = {USENIX Association},
	month = jul,
}

@book{Scargall:2020:PPM,
	author = {Steve Scargall},
	title = {Programming Persistent Memory},
	date = {2020-01-09},
	subtitle = {A Comprehensive Guide for Developers},
	edition = {1},
	publisher = {Apress Berkeley, CA},
	isbn = {978-1-4842-4932-1},
	doi = {https://doi.org/10.1007/978-1-4842-4932-1},
	url = {https://link.springer.com/book/10.1007/978-1-4842-4932-1},
}

@online{PMEM.IO:Introduction,
	ALTauthor = {author},
	ALTeditor = {editor},
	title = {PMEM Getting Started},
	date = {2023-07-01},
	url = {https://docs.pmem.io/persistent-memory/getting-started-guide/introduction},
	OPTsubtitle = {subtitle},
	OPTtitleaddon = {titleaddon},
	OPTlanguage = {language},
	OPTversion = {version},
	OPTnote = {note},
	OPTorganization = {organization},
	OPTdate = {date},
	OPTmonth = {month},
	OPTyear = {year},
	OPTaddendum = {addendum},
	OPTpubstate = {pubstate},
	OPTurldate = {urldate},
}

@online{PMDK:Docs,
	ALTauthor = {author},
	ALTeditor = {editor},
	title = {PMDK Dokumentation},
	date = {2023-09-12},
	url = {https://pmem.io/pmdk/},
	OPTsubtitle = {subtitle},
	OPTtitleaddon = {titleaddon},
	OPTlanguage = {language},
	OPTversion = {version},
	OPTnote = {note},
	OPTorganization = {organization},
	OPTdate = {date},
	OPTmonth = {month},
	OPTyear = {year},
	OPTaddendum = {addendum},
	OPTpubstate = {pubstate},
	OPTurldate = {urldate},
}

@article{Rosenblum:1992,
	author = {Rosenblum, Mendel and Ousterhout, John K.},
	title = {The Design and Implementation of a Log-Structured File System},
	year = {1992},
	issue_date = {Feb. 1992},
	publisher = {Association for Computing Machinery},
	address = {New York, NY, USA},
	volume = {10},
	number = {1},
	issn = {0734-2071},
	url = {https://doi.org/10.1145/146941.146943},
	doi = {10.1145/146941.146943},
	journal = {ACM Trans. Comput. Syst.},
	month = feb,
	pages = {26â€“52},
	numpages = {27},
	keywords = {file system organization, logging, fast crash recovery, high write performance, Unix, log-structured, file system performance, disk storage management}
}

@online{GLib,
	ALTauthor = {author},
	ALTeditor = {editor},
	title = {GLib Dokumentation},
	date = {2023-09-15},
	url = {https://docs.gtk.org/glib/},
	OPTsubtitle = {subtitle},
	OPTtitleaddon = {titleaddon},
	OPTlanguage = {language},
	OPTversion = {version},
	OPTnote = {note},
	OPTorganization = {organization},
	OPTdate = {date},
	OPTmonth = {month},
	OPTyear = {year},
	OPTaddendum = {addendum},
	OPTpubstate = {pubstate},
	OPTurldate = {urldate},
}

@article{Islam:2020,
	author = {Islam, Abdullah Al Raqibul and York, Christopher and Dai, Dong},
	title = {A Performance Study of Optane Persistent Memory: From Storage Data Structures' Perspective},
	year = {2020},
	url = {https://storageconference.us/2020/Papers/02.APerformanceStudyOptane.pdf},
}

@online{Bench:Git,
	ALTauthor = {author},
	ALTeditor = {editor},
	title = {pmemids\_bench GitHub},
	date = {2023-09-18},
	url = {https://github.com/DIR-LAB/ycsb-storedsbench},
	OPTsubtitle = {subtitle},
	OPTtitleaddon = {titleaddon},
	OPTlanguage = {language},
	OPTversion = {version},
	OPTnote = {note},
	OPTorganization = {organization},
	OPTdate = {date},
	OPTmonth = {month},
	OPTyear = {year},
	OPTaddendum = {addendum},
	OPTpubstate = {pubstate},
	OPTurldate = {urldate},
}

